@article{guzella2009review,
	title={A review of machine learning approaches to spam filtering},
	author={Guzella, Thiago S and Caminhas, Walmir M},
	journal={Expert Systems with Applications},
	volume={36},
	number={7},
	pages={10206--10222},
	year={2009},
	publisher={Elsevier}
}
@article{mahesh2020machine,
	title={Machine learning algorithms-a review},
	author={Mahesh, Batta},
	journal={International Journal of Science and Research (IJSR).[Internet]},
	volume={9},
	pages={381--386},
	year={2020}
}
@article{raschka2017python,
	title={Python machine learning: Machine learning and deep learning with python},
	author={Raschka, Sebastian and Mirjalili, Vahid},
	journal={Scikit-Learn, and TensorFlow. Second edition ed},
	volume={3},
	year={2017}
}

@article{mlwithpython,
	title={Designing Machine Learning Systems With Python},
	author={David, Julian},
	journal={Community Experience Distilled},
	pages={381--386},
	year={April 2016}, 
	ISBN = {978-1-78588-295-1}
}
@article{unwin2020data,
	title={Why is data visualization important? what is important in data visualization?},
	author={Unwin, Antony},
	journal={Harvard Data Science Review},
	volume={2},
	number={1},
	pages={1},
	year={2020}
} 

@article{fetAnjali2018,
	title= {Feature Extraction Techniques in Machine Learning: A Review},
	author= {Anjali Sharma and Pradeep Kumar},
	publisher= {International Journal of Computer Applications},
	volume = {Volume 179 - No.27, 2018}
} 

@article{introducgtionMlAlpay,
	title = {Introduction to machine learning (2nd ed.)},
	author ={Alpaydin, E.},
	year = {2010},
	pages={25}
	publisher ={Cambridge, MA: MIT Press.}
} 

@article{FeatuareSpaceSoltani,
title ={Feature Space and Feature Extraction"},
author={S.Soltani and Al.},
journal = {International Journal of Computer Science and Information Security},
volume = {vol. 10, no. 2}
pages={34-39},
year ={2012}
}

@book{han2022data,
	title = {Data mining: concepts and techniques},
	author = {Han, Jiawei and Pei, Jian and Tong, Hanghang},
	year = {2022},
	publisher = {Morgan kaufmann}
}

@book{geron2022hands,
	title={Hands-on machine learning with Scikit-Learn, Keras, and TensorFlow},
	author={G{\'e}ron, Aur{\'e}lien},
	year={2022},
	publisher={" O'Reilly Media, Inc."}
}

@book{Statista2020,
	title = {Number of mobile messages worldwide from 2019 to 2023 (in trillions)},
	author ={Statista's own team of researchers and analysts},
	year = {2020},
	publisher={https://fr.statista.com/}
}

@article{lavanya2582sms,
	title={SMS Spam Detection Using Deep Learning},
	author={Lavanya, M and Aruna, KR},
	journal={Journal homepage: www. ijrpr. com ISSN},
	volume={2582},
	pages={7421}
}

@book{le2005mobile,
	title={Mobile messaging technologies and services: SMS, EMS and MMS},
	author={Le Bodic, Gwenael},
	year={2005},
	publisher={John Wiley \& Sons}
}

@article{jangir2016design,
	title={Design and Implementation of SMS Gateway API for Mobile Communication Networks},
	author={Jangir, Sunil Kumar and Sharma, Manoj Kumar and Gupta, Pawan Kumar},
	journal={International Journal of Computer Applications},
	volume={151},
	number={9},
	pages={1--5},
	year={2016},
	publisher={Foundation of Computer Science}
}

@article{chen2017survey,
	title={A Survey on SMS Spam Filtering Techniques},
	author={Chen, Guangquan and Wang, Weijun and Zhou, Xuan},
	journal={Journal of Network and Computer Applications},
	volume={80},
	pages={149--159},
	year={2017},
	publisher={Elsevier}
}

@article{cimpanu2019simjacker,
	title={Simjacker vulnerability exploited for surveillance by at least one nation-state},
	author={Cimpanu, Catalin},
	journal={ZDNet},
	year={2019},
	url={https://www.zdnet.com/article/simjacker-vulnerability-exploited-for-surveillance-by-at-least-one-nation-state/}
}

