@article{guzella2009review,
	title={A review of machine learning approaches to spam filtering},
	author={Guzella, Thiago S and Caminhas, Walmir M},
	journal={Expert Systems with Applications},
	volume={36},
	number={7},
	pages={10206--10222},
	year={2009},
	publisher={Elsevier}
}
@article{mahesh2020machine,
	title={Machine learning algorithms-a review},
	author={Mahesh, Batta},
	journal={International Journal of Science and Research (IJSR).[Internet]},
	volume={9},
	pages={381--386},
	year={2020}
}
@article{raschka2017python,
	title={Python machine learning: Machine learning and deep learning with python},
	author={Raschka, Sebastian and Mirjalili, Vahid},
	journal={Scikit-Learn, and TensorFlow. Second edition ed},
	volume={3},
	year={2017}
}

@article{mlwithpython,
	title={Designing Machine Learning Systems With Python},
	author={David, Julian},
	journal={Community Experience Distilled},
	pages={381--386},
	year={April 2016}, 
	ISBN = {978-1-78588-295-1}
}
@article{unwin2020data,
	title={Why is data visualization important? what is important in data visualization?},
	author={Unwin, Antony},
	journal={Harvard Data Science Review},
	volume={2},
	number={1},
	pages={1},
	year={2020}
} 

@article{fetAnjali2018,
	title= {Feature Extraction Techniques in Machine Learning: A Review},
	author= {Anjali Sharma and Pradeep Kumar},
	publisher= {International Journal of Computer Applications},
	volume = {Volume 179 - No.27, 2018}
} 

@article{introducgtionMlAlpay,
	title = {Introduction to machine learning (2nd ed.)},
	author ={Alpaydin, E.},
	year = {2010},
	pages={25}
	publisher ={Cambridge, MA: MIT Press.}
} 

@article{FeatuareSpaceSoltani,
title ={Feature Space and Feature Extraction"},
author={S.Soltani and Al.},
journal = {International Journal of Computer Science and Information Security},
volume = {vol. 10, no. 2}
pages={34-39},
year ={2012}
}

@book{han2022data,
	title = {Data mining: concepts and techniques},
	author = {Han, Jiawei and Pei, Jian and Tong, Hanghang},
	year = {2022},
	publisher = {Morgan kaufmann}
}

@book{geron2022hands,
	title={Hands-on machine learning with Scikit-Learn, Keras, and TensorFlow},
	author={G{\'e}ron, Aur{\'e}lien},
	year={2022},
	publisher={" O'Reilly Media, Inc."}
}

@book{Statista2020,
	title = {Number of mobile messages worldwide from 2019 to 2023 (in trillions)},
	author ={Statista's own team of researchers and analysts},
	year = {2020},
	publisher={https://fr.statista.com/}
}

@article{lavanya2582sms,
	title={SMS Spam Detection Using Deep Learning},
	author={Lavanya, M and Aruna, KR},
	journal={Journal homepage: www. ijrpr. com ISSN},
	volume={2582},
	pages={7421}
}

@book{le2005mobile,
	title={Mobile messaging technologies and services: SMS, EMS and MMS},
	author={Le Bodic, Gwenael},
	year={2005},
	publisher={John Wiley \& Sons}
}

@article{jangir2016design,
	title={Design and Implementation of SMS Gateway API for Mobile Communication Networks},
	author={Jangir, Sunil Kumar and Sharma, Manoj Kumar and Gupta, Pawan Kumar},
	journal={International Journal of Computer Applications},
	volume={151},
	number={9},
	pages={1--5},
	year={2016},
	publisher={Foundation of Computer Science}
}

@article{chen2017survey,
	title={A Survey on SMS Spam Filtering Techniques},
	author={Chen, Guangquan and Wang, Weijun and Zhou, Xuan},
	journal={Journal of Network and Computer Applications},
	volume={80},
	pages={149--159},
	year={2017},
	publisher={Elsevier}
}

@article{cimpanu2019simjacker,
	title={Simjacker vulnerability exploited for surveillance by at least one nation-state},
	author={Cimpanu, Catalin},
	journal={ZDNet},
	year={2019},
	url={https://www.zdnet.com/article/simjacker-vulnerability-exploited-for-surveillance-by-at-least-one-nation-state/}
}

@book{creswell2014research,
	title={Research design: Qualitative, quantitative, and mixed methods approaches},
	author={Creswell, John W},
	year={2014},
	publisher={Sage publications}
}

@book{bluman2017elementary,
	title={Elementary statistics: A step by step approach},
	author={Bluman, Allan},
	year={2017},
	publisher={McGraw-Hill Education}
}
@article{faklaris2016oh,
	title={Oh, snap! The state of electronic discovery amid the rise of Snapchat, 
	WhatsApp, Kik, and other mobile messaging apps},
	author={Faklaris, Cori and Hook, Sara Anne},
	year={2016}
}

@article{leppaniemi2008mobile,
	title={Mobile marketing: From marketing strategy to mobile marketing campaign implementation.},
	author={Lepp{\"a}niemi, Matti and Karjaluoto, Heikki},
	journal={International Journal of Mobile Marketing},
	volume={3},
	number={1},
	year={2008}
}
@article{hadullo2021machine,
	title={Machine learning software architecture and model workflow. A case of Django rest framework},
	author={Hadullo, Kennedy Ochilo and Getuno, DM},
	journal={American Journal of Applied Sciences},
	volume={18},
	number={1},
	pages={152--164},
	year={2021}
}
@article{karl1986model,
	title={A model to estimate the time of observation bias associated with monthly mean maximum, minimum and mean temperatures for the United States},
	author={Karl, Thomas R and Williams Jr, Claude N and Young, Pamela J and Wendland, Wayne M},
	journal={Journal of Applied Meteorology and Climatology},
	volume={25},
	number={2},
	pages={145--160},
	year={1986}
}
@book{park2012dictionary,
	author       = {Park, Chris},
	title        = {A Dictionary of Environment and Conservation},
	edition      = {1},
	publisher    = {Oxford University Press},
	year         = {2012},
	isbn         = {9780191726651},
	note         = {Online Publication},
	url          = {https://www.oxfordreference.com/view/10.1093/acref/9780198609957.001.0001/acref-9780198609957},
} 
@book{mobilemessaging,
	author       = {Le Bodic, Gwenaël and Zaghloul, Hatim},
	title        = {Mobile Messaging Technologies and Services: SMS, EMS, and MMS},
	year         = {2022},
	publisher    = {ABC Publishing},
	location     = {New York}
}
@book{le2005mobile,
	title={Mobile messaging technologies and services: SMS, EMS and MMS},
	author={Le Bodic, Gwenael},
	year={2005},
	publisher={John Wiley \& Sons}
}
@book{krebs2014spam,
	title= {Spam Nation: The Inside Story of Organized Cybercrime—from Global 
	Epidemic to Your Front Door},
	author= {Krebs, Brian},
	year = {2014},
	publisher = {Sourcebooks},
	location = {Naperville, IL},
}
@article{shafi2017review,
	title={A review on mobile SMS spam filtering techniques},
	author={Shafi’I, Muhammad Abdulhamid and Abd Latiff, Muhammad Shafie and Chiroma, Haruna and Osho, Oluwafemi and Abdul-Salaam, Gaddafi and Abubakar, Adamu I and Herawan, Tutut},
	journal={IEEE Access},
	volume={5},
	pages={15650--15666},
	year={2017},
	publisher={IEEE}
}

@article{ghezzi2015strategy,
	title={Strategy and business model design in dynamic telecommunications industries: A study on Italian mobile network operators},
	author={Ghezzi, Antonio and Cortimiglia, Marcelo Nogueira and Frank, Alejandro Germ{\'a}n},
	journal={Technological Forecasting and Social Change},
	volume={90},
	pages={346--354},
	year={2015},
	publisher={Elsevier}
}
@book{smola2010introduction,
	title = {Introduction to Machine Learning},
	author = {Smola, Alex and Vishwanathan, S.V.N.},
	year = {2010},
	publisher = {Cambridge University Press},
	address = {Cambridge, UK},
	isbn = {978-0521691420}
}
@article{cambria2014jumping,
	title={Jumping NLP curves: A review of natural language processing research},
	author={Cambria, Erik and White, Bebo},
	journal={IEEE Computational intelligence magazine},
	volume={9},
	number={2},
	pages={48--57},
	year={2014},
	publisher={IEEE}
}
@article{giswatch2018,
	title = {A FREE WIRELESS NETWORK IN THE DRC: 
	AN ANSWER TO INTERNET SHUTDOWNS AND EXORBITANT ACCESS COSTS},
	author = {Zikomangane, Pacifique},
	publisher = {Association for Progressive Communications (APC) and International Development Research Centre (IDRC)},
	address = {Canada},
	isbn = {978-92-95102-07-1},
	year = {2018}
}

@article{donner2010review,
	title={A review of evidence on mobile use by micro and small enterprises in developing countries},
	author={Donner, Jonathan and Escobari, Marcela X},
	journal={Journal of International Development},
	volume={22},
	number={5},
	pages={641--658},
	year={2010},
	publisher={Wiley Online Library}
}
@article{monusco2015,
	title={Protect, Stabilize, Consolidate Peace, Monusco's report},
	author={MONUSCO DRC},
	journal={United Nations Organisation Stabilization Mission in the 
	Democratic Republic of Congo},
	pages={1--4},
	year={2015},
	publisher={https://monusco.unmissions.org/sites/default/files/south_kivu_factsheet._eng.pdf}
	adress={12, Avenue des Aviateurs-Gombe, Kinshasa-BP 8111}
}

@article{statistica2022,
	title={Market share of mobile device vendors in the Democratic Republic of the Congo from January 2018 to March 2022},
	author={Petroc Taylor},
	journal={Technology & Telecommunications},
	year={2022},
	publisher={STATISTICA, https://www.statista.com/statistics/1061510/market-share-held-by-mobile-phone-vendors-in-congo/ }
}

@article{stateInternet2019,
	title={State of Internet Freedom
	Democratic Republic
	of the Congo 2019},
	author={Ashnah Kalemera, Victor Kapiyo, Paul Kimumwe, Lillian Nalwoga, Juliet Nanfuka, Edrine Wanyama, Wairagala Wakabi,
	PhD},
	journal={Mapping Trends in Government Internet Controls, 1999-2019},
	year={2020},
	publisher={CIPESA,www.cipesa.org}
	pages={1--19}
}

@article{hassinen2003secure,
	title={Secure SMS messaging using Quasigroup encryption and Java SMS API.},
	author={Hassinen, Marko and Markovski, Smile},
	journal={SPLST},
	volume={3},
	pages={187},
	year={2003}
}

@inproceedings{androulidakis2013fimess,
	title={Fimess: filtering mobile external sms spam},
	author={Androulidakis, Iosif and Vlachos, Vasileios and Papanikolaou, Alexandros},
	booktitle={Proceedings of the 6th Balkan Conference in Informatics},
	pages={221--227},
	year={2013}
}


@b

@inproceedings{tang2022clues,
	title={Clues in tweets: Twitter-guided discovery and analysis of SMS spam},
	author={Tang, Siyuan and Mi, Xianghang and Li, Ying and Wang, XiaoFeng and Chen, Kai},
	booktitle={Proceedings of the 2022 ACM SIGSAC Conference on Computer and Communications Security},
	pages={2751--2764},
	year={2022}
}
@inproceedings{hao2009detecting,
	title={Detecting Spammers with SNARE: Spatio-temporal Network-level 
	Automatic Reputation Engine.},
	author={Hao, Shuang and Syed, Nadeem Ahmed and Feamster, Nick and Gray, 
	Alexander G and Krasser, Sven},
	booktitle={USENIX security symposium},
	volume={9},
	year={2009}
}
@inproceedings{realWorldNetworks,
	title={CELLULAR NETWORK BASICS},
	author={Prof. Dantu’s CSE},
	booktitle={ADV. REAL-WORLD NETWORKS},
	volume={14-760},
	year={2018},
	publisher = { University of North Texas}
}

@book{mishra2007advanced,
	title={Advanced cellular network planning and optimisation: 2G/2.5 G/3G... evolution to 4G},
	author={Mishra, Ajay R},
	year={2007},
	publisher={John Wiley \& Sons}
}

@article{katankar2010short,
	title={Short message service using SMS gateway},
	author={Katankar, Veena K and Thakare, VM},
	journal={International Journal on Computer Science and Engineering},
	volume={2},
	number={04},
	pages={1487--1491},
	year={2010},
	publisher={Citeseer}
}

@inproceedings{jindal2007review,
	title={Review spam detection},
	author={Jindal, Nitin and Liu, Bing},
	booktitle={Proceedings of the 16th international conference on World Wide Web},
	pages={1189--1190},
	year={2007}
}

@article{brown2007sms,
	title={SMS: The short message service},
	author={Brown, Jeff and Shipman, Bill and Vetter, Ron},
	journal={Computer},
	volume={40},
	number={12},
	pages={106--110},
	year={2007},
	publisher={IEEE}
}

@article{medani2011review,
	title={Review of mobile short message service security issues and techniques towards the solution},
	author={Medani, A and Gani, Abdullah and Zakaria, O and Zaidan, AA and Zaidan, BB},
	journal={Scientific Research and Essays},
	volume={6},
	number={6},
	pages={1147--1165},
	year={2011}
}

@article{crawford2015survey,
	title={Survey of review spam detection using machine learning techniques},
	author={Crawford, Michael and Khoshgoftaar, Taghi M and Prusa, Joseph D and Richter, Aaron N and Al Najada, Hamzah},
	journal={Journal of Big Data},
	volume={2},
	number={1},
	pages={1--24},
	year={2015},
	publisher={SpringerOpen}
}

@inproceedings{navaney2018sms,
	title={SMS spam filtering using supervised machine learning algorithms},
	author={Navaney, Pavas and Dubey, Gaurav and Rana, Ajay},
	booktitle={2018 8th international conference on cloud computing, data science \& engineering (confluence)},
	pages={43--48},
	year={2018},
	organization={IEEE}
}

@article{shirani2013sms,
	title={SMS spam detection using machine learning approach},
	author={Shirani-Mehr, Houshmand},
	journal={unpublished) http://cs229. stanford. edu/proj2013/Shir aniMeh r-SMSSpamDetectionUsingMachineLearningApproach. pdf},
	year={2013}
}
@inproceedings{gupta2021sms,
	title={SMS spam detection using machine learning},
	author={Gupta, Suparna Das and Saha, Soumyabrata and Das, Suman Kumar},
	booktitle={Journal of Physics: Conference Series},
	volume={1797},
	number={1},
	pages={012017},
	year={2021},
	organization={IOP Publishing}
} 

@inproceedings{anwar2019machine,
	title={Machine learning techniques for book recommendation: an overview},
	author={Anwar, Khalid and Siddiqui, Jamshed and Saquib Sohail, Shahab},
	booktitle={Proceedings of International Conference on Sustainable Computing in Science, Technology and Management (SUSCOM), Amity University Rajasthan, Jaipur-India},
	year={2019}
} 

@article{herbrich2017machine,
	title={Machine Learning at Amazon.},
	author={Herbrich, Ralf},
	journal={WSDM},
	volume={535},
	year={2017}
}

@article{severance2016python,
	title={Python for Everybody Exploring Data Using Python 3},
	author={Severance, Charles},
	year={2016},
	publisher={bOpen Textbook Library}
}

@article{haslwanter2016introduction,
	title={An introduction to statistics with Python},
	author={Haslwanter, Thomas},
	journal={With Applications in the Life Sciences; Springer International Publishing: Cham, Switzerland},
	year={2016},
	publisher={Springer}
}

@book{richert2013building,
	title={Building machine learning systems with Python},
	author={Richert, Willi},
	year={2013},
	publisher={Packt Publishing Ltd}
}

@phdthesis{tulchak2016history,
	title={History of python},
	author={Tulchak, LV and Mapchuk, AO},
	year={2016},
	publisher={ВНТУ}
}
@inproceedings{bogdanchikov2013python,
	title={Python to learn programming},
	author={Bogdanchikov, Andrey and Zhaparov, Meirambek and Suliyev, Rassim},
	booktitle={Journal of Physics: Conference Series},
	volume={423},
	number={1},
	pages={012027},
	year={2013},
	organization={IOP Publishing}
}
@book{alchin2013pro,
	title={Pro Django},
	author={Alchin, Marty},
	year={2013},
	publisher={Apress}
} 

@article{nader2023django,
	title={Django REST Framework (DRF) Secure Code Guidelines},
	author={Nader Meljem, Anuar Manuel},
	year={2023},
	publisher={Universitat Oberta de Catalunya (UOC)}
}

@book{stark2010building,
	title={Building Android apps with HTML, CSS, and JavaScript},
	author={Stark, Jonathan and Nathan, Paco and Papaconstantinou, John and Lagerstrom, Paco and Hope, Paco},
	year={2010},
	publisher={" O'Reilly Media, Inc."}
} 

@book{jsDeveloppingHerman,
	title={Effective Javascript; 68 specific ways to Harness the power of Javascript},
	author={David Herman, Brendon Eich},
	year={2012},
	publisher={"Addison- Wesley"},
	ISBN = {"978-0-321-81218-6"}
} 
@phdthesis{wohlgethan2018supportingweb,
	title={Supporting web development decisions by comparing three major javascript frameworks: Angular, react and vue. js},
	author={Wohlgethan, Eric},
	year={2018},
	school={Hochschule f{\"u}r Angewandte Wissenschaften Hamburg}
}
@article{teimourzadeh2022application,
	title={Application of python in marketing education: a big data analytics perspective},
	author={Teimourzadeh, Aria and Kakavand, Samaneh and Kakavand, Benjamin},
	journal={Marketing Education Review},
	pages={1--16},
	year={2022},
	publisher={Taylor \& Francis}
}
@article{van2011numpy,
	title={The NumPy array: a structure for efficient numerical computation},
	author={Van Der Walt, Stefan and Colbert, S Chris and Varoquaux, Gael},
	journal={Computing in science \& engineering},
	volume={13},
	number={2},
	pages={22--30},
	year={2011},
	publisher={IEEE}
} 
@article{coursAnalyseDonne2,
    title={Courses of Multivariate Statistical Analysis. Part2. Python et les données : Numpy et Pandas},
	author={Phd. Elie Zihindula},
	pages={2--10},
	number={23},
	year={2023},
	publisher={Catholic University Of Bukavu}
}

@article{coursAnalyseDonne3,
	title={Courses of Multivariate Statistical Analysis. Part8. Elements de Classification},
	author={Phd. Elie Zihindula},
	pages={18--20},
	number={22},
	year={2023},
	publisher={Catholic University Of Bukavu}
}

@article{mckinney2011pandas,
	title={pandas: a foundational Python library for data analysis and statistics},
	author={McKinney, Wes and others},
	journal={Python for high performance and scientific computing},
	volume={14},
	number={9},
	pages={1--9},
	year={2011},
	publisher={Seattle}
}
@article{mckinney2015pandas,
	title={Pandas-Powerful python data analysis toolkit},
	author={McKinney, Wes and Team, PD},
	journal={Pandas—Powerful Python Data Analysis Toolkit},
	volume={1625},
	year={2015}
} 
@book{tosi2009matplotlib,
	title={Matplotlib for Python developers},
	author={Tosi, Sandro},
	year={2009},
	publisher={Packt Publishing Ltd}
} 
@article{pedregosa2011scikit,
	title={Scikit-learn: Machine learning in Python},
	author={Pedregosa, Fabian and Varoquaux, Ga{\"e}l and Gramfort, Alexandre and Michel, Vincent and Thirion, Bertrand and Grisel, Olivier and Blondel, Mathieu and Prettenhofer, Peter and Weiss, Ron and Dubourg, Vincent and others},
	journal={the Journal of machine Learning research},
	volume={12},
	pages={2825--2830},
	year={2011},
	publisher={JMLR. org}
} 

@article{sial2021comparative,
	title={Comparative analysis of data visualization libraries Matplotlib and Seaborn in Python},
	author={Sial, Ali Hassan and Rashdi, Syed Yahya Shah and Khan, Abdul Hafeez},
	journal={International Journal},
	volume={10},
	number={1},
	year={2021}
}

@article{scikitlearnCode1,
	title={Scikit-learn: Machine Learning in {P}ython},
	author={Pedregosa, F. and Varoquaux, G. and Gramfort, A. and Michel, V.
	and Thirion, B. and Grisel, O. and Blondel, M. and Prettenhofer, P.
	and Weiss, R. and Dubourg, V. and Vanderplas, J. and Passos, A. and
	Cournapeau, D. and Brucher, M. and Perrot, M. and Duchesnay, E.},
	journal={Journal of Machine Learning Research},
	volume={12},
	pages={2825--2830},
	year={2011}
} 

@inproceedings{sklearn_api,
	author    = {Lars Buitinck and Gilles Louppe and Mathieu Blondel and
	Fabian Pedregosa and Andreas Mueller and Olivier Grisel and
	Vlad Niculae and Peter Prettenhofer and Alexandre Gramfort
	and Jaques Grobler and Robert Layton and Jake VanderPlas and
	Arnaud Joly and Brian Holt and Ga{\"{e}}l Varoquaux},
	title     = {{API} design for machine learning software: experiences from the scikit-learn
	project},
	booktitle = {ECML PKDD Workshop: Languages for Data Mining and Machine Learning},
	year      = {2013},
	pages = {108--122},
}

@article{kreuzberger2023machine,
	title={Machine learning operations (mlops): Overview, definition, and architecture},
	author={Kreuzberger, Dominik and K{\"u}hl, Niklas and Hirschl, Sebastian},
	journal={IEEE Access},
	year={2023},
	publisher={IEEE}
} 

@book{treveil2020introducing,
	title={Introducing MLOps},
	author={Treveil, Mark and Omont, Nicolas and Stenac, Cl{\'e}ment and Lefevre, Kenji and Phan, Du and Zentici, Joachim and Lavoillotte, Adrien and Miyazaki, Makoto and Heidmann, Lynn},
	year={2020},
	publisher={O'Reilly Media}
}

@article{sirisuriya2015comparative,
	title={A comparative study on web scraping},
	author={Sirisuriya, De S and others},
	year={2015}
}

@article{reviewVideo2020, 
	title={A review on Video Classification with Methods, Findings, Performance, Challenges, Limitatios and future work},
	author ={Md Shofiqul Islam, Shanjida Sultana, Uttam Kumar Roy, Jubayer AI Mahmud},
	year ={2020}, 
	publisher={Universityi Malaysia Pekan}
}

@book{dataScienceMLeric,
	title = {Data science : fondamentaux et études de cas. Machine learning avec Python et R},
	author = {Éric Biernat, Michel Lutz},
	year = {2015},
	publisher = {Eyrolles},
	address = {61, bd Saint-Germain
	75240 Paris Cedex 05.},
	isbn = {978-2-212-14243-3}
} 

@inproceedings{furche2016data,
	title={Data Wrangling for Big Data: Challenges and Opportunities.},
	author={Furche, Tim and Gottlob, Georg and Libkin, Leonid and Orsi, Giorgio and Paton, Norman W},
	booktitle={EDBT},
	volume={16},
	pages={473--478},
	year={2016}
}

@article{wang2016machine,
	title={Machine learning basics},
	author={Wang, H and Lei, ZeZXeZBePJ and Zhang, X and Zhou, B and Peng, J},
	journal={Deep learning},
	pages={98--164},
	year={2016}
}

@article{osisanwo2017supervised,
	title={Supervised machine learning algorithms: classification and comparison},
	author={Osisanwo, FY and Akinsola, JET and Awodele, O and Hinmikaiye, JO and Olakanmi, O and Akinjobi, J and others},
	journal={International Journal of Computer Trends and Technology (IJCTT)},
	volume={48},
	number={3},
	pages={128--138},
	year={2017},
	publisher={Seventh Sense Research Group}
} 


@article{osisanwo2017supervised,
	title={Supervised machine learning algorithms: classification and comparison},
	author={Osisanwo, FY and Akinsola, JET and Awodele, O and Hinmikaiye, JO and Olakanmi, O and Akinjobi, J and others},
	journal={International Journal of Computer Trends and Technology (IJCTT)},
	volume={48},
	number={3},
	pages={128--138},
	year={2017},
	publisher={Seventh Sense Research Group}
}

@article{maulud2020review,
	title={A review on linear regression comprehensive in machine learning},
	author={Maulud, Dastan and Abdulazeez, Adnan M},
	journal={Journal of Applied Science and Technology Trends},
	volume={1},
	number={4},
	pages={140--147},
	year={2020}
} 

@article{bai2020object,
	title={Object detection recognition and robot grasping based on machine learning: A survey},
	author={Bai, Qiang and Li, Shaobo and Yang, Jing and Song, Qisong and Li, Zhiang and Zhang, Xingxing},
	journal={IEEE access},
	volume={8},
	pages={181855--181879},
	year={2020},
	publisher={IEEE}
} 

@article{razno2019machine,
	title={Machine learning text classification model with NLP approach},
	author={Razno, Maria},
	journal={Computational Linguistics and Intelligent Systems},
	volume={2},
	pages={71--73},
	year={2019},
	publisher={Lviv Politechnic Publishing House}
}

@article{langkvist2014review,
	title={A review of unsupervised feature learning and deep learning for time-series modeling},
	author={L{\"a}ngkvist, Martin and Karlsson, Lars and Loutfi, Amy},
	journal={Pattern recognition letters},
	volume={42},
	pages={11--24},
	year={2014},
	publisher={Elsevier}
}


@article{jiao2021spoken,
	title={A spoken English teaching system based on speech recognition and machine learning},
	author={Jiao, Fengming and Song, Jiao and Zhao, Xin and Zhao, Ping and Wang, Ru},
	journal={International Journal of Emerging Technologies in Learning (iJET)},
	volume={16},
	number={14},
	pages={68--82},
	year={2021},
	publisher={International Journal of Emerging Technology in Learning}
} 

@article{janiesch2021machine,
	title={Machine learning and deep learning},
	author={Janiesch, Christian and Zschech, Patrick and Heinrich, Kai},
	journal={Electronic Markets},
	volume={31},
	number={3},
	pages={685--695},
	year={2021},
	publisher={Springer}
}

@article{khanum2015survey,
	title={A survey on unsupervised machine learning algorithms for automation, classification and maintenance},
	author={Khanum, Memoona and Mahboob, Tahira and Imtiaz, Warda and Ghafoor, Humaraia Abdul and Sehar, Rabeea},
	journal={International Journal of Computer Applications},
	volume={119},
	number={13},
	year={2015},
	publisher={Citeseer}
} 
@inproceedings{liu2000interactive,
	title={Interactive and incremental learning via a mixture of supervised and unsupervised learning strategies},
	author={Liu, Qiong and Levinson, Stephen and Wu, Ying and Huang, Thomas},
	booktitle={Proceedings of the Fifth Joint Conference on Information Sciences},
	volume={1},
	pages={555--558},
	year={2000}
} 


@article{sorzano2014survey,
	title={A survey of dimensionality reduction techniques},
	author={Sorzano, Carlos Oscar S{\'a}nchez and Vargas, Javier and Montano, A Pascual},
	journal={arXiv preprint arXiv:1403.2877},
	year={2014}
} 

@article{jayasankar2021survey,
	title={A survey on data compression techniques: From the perspective of data quality, coding schemes, data type and applications},
	author={Jayasankar, Uthayakumar and Thirumal, Vengattaraman and Ponnurangam, Dhavachelvan},
	journal={Journal of King Saud University-Computer and Information Sciences},
	volume={33},
	number={2},
	pages={119--140},
	year={2021},
	publisher={Elsevier}
} 

@article{qiang2020short,
	title={Short text topic modeling techniques, applications, and performance: a survey},
	author={Qiang, Jipeng and Qian, Zhenyu and Li, Yun and Yuan, Yunhao and Wu, Xindong},
	journal={IEEE Transactions on Knowledge and Data Engineering},
	volume={34},
	number={3},
	pages={1427--1445},
	year={2020},
	publisher={IEEE}
} 

@article{raschka2018model,
	title={Model evaluation, model selection, and algorithm selection in machine learning},
	author={Raschka, Sebastian},
	journal={arXiv preprint arXiv:1811.12808},
	year={2018}
}  

@article{maria2016performance,
	title={Performance analysis of text classification algorithms using confusion matrix},
	author={Maria Navin, JR and Pankaja, R},
	journal={International Journal of Engineering and Technical Research (IJETR)},
	volume={6},
	number={4},
	pages={75--8},
	year={2016}
}

@article{singh2021deploy,
	title={Deploy Machine Learning Models to Production},
	author={Singh, Pramod},
	journal={Cham, Switzerland: Springer},
	year={2021},
	publisher={Springer}
} 

@article{faouzi2020pyts,
	title={pyts: A python package for time series classification},
	author={Faouzi, Johann and Janati, Hicham},
	journal={The Journal of Machine Learning Research},
	volume={21},
	number={1},
	pages={1720--1725},
	year={2020},
	publisher={JMLRORG}
}

